@online{micro,
	title = {AVR Assembler Instructions},
	year = unknown,
	organization = {microchip.com},
	author = unknown,
	howpublished = {\url{microchip.com/webdoc/avrassembler/avrassembler.wb\_instruction\_list.html}}
}
@online{VFlag,
	title = {Overflow flag},
	year = {2018},
	organization = {Wikipedia.com},
	author = unknown,
	howpublished = {\url{https://en.wikipedia.org/wiki/Overflow\_flag}}
}