@online{Q2,
	title = {AVR130: Setup and Use the AVR Timers},
	year = unknown,
	organization = {http://web.engr.oregonstate.edu/},
	author = unknown,
	howpublished = {\url{http://web.engr.oregonstate.edu/~traylor/ece473/pdfs/atmel_app_note_setup_of%20avrtimers.pdf}}
}